<?xml version="1.0" encoding="UTF-8"?><record xmlns="http://www.loc.gov/MARC21/slim" xmlns:cinclude="http://apache.org/cocoon/include/1.0" xmlns:zs="http://www.loc.gov/zing/srw/">
  <leader>00442nz  a2200133n  4500</leader>
  <controlfield tag="001">no 00103620 </controlfield>
  <controlfield tag="003">DLC</controlfield>
  <controlfield tag="005">20001227070107.0</controlfield>
  <controlfield tag="008">001226n| acannaabn          |n aaa     c</controlfield>
  <datafield tag="010" ind1=" " ind2=" ">
    <subfield code="a">no 00103620 </subfield>
  </datafield>
  <datafield tag="035" ind1=" " ind2=" ">
    <subfield code="a">(OCoLC)oca05382989</subfield>
  </datafield>
  <datafield tag="040" ind1=" " ind2=" ">
    <subfield code="a">DSI</subfield>
    <subfield code="b">eng</subfield>
    <subfield code="c">DSI</subfield>
  </datafield>
  <datafield tag="100" ind1="1" ind2=" ">
    <subfield code="a">Oxman, Katja</subfield>
  </datafield>
  <datafield tag="670" ind1=" " ind2=" ">
    <subfield code="a">Katja Oxman aquatints, 2000:</subfield>
    <subfield code="b">biography (b. Munich, Germany; Pennsylvania Academy of Fine Art, 1962-65) p. 3 of cover (620 Gist Ave., Silver Spring, Md.)</subfield>
  </datafield>
</record>